<?xml version="1.0" encoding="UTF-8" ?>
<collection xmlns:xsi="http://www.w3.org/2001/XMLSchema-instance"
    xsi:schemaLocation="http://www.loc.gov/MARC21/slim
        http://www.loc.gov/standards/marcxml/schema/MARC21slim.xsd"
    xmlns="http://www.loc.gov/MARC21/slim">
<record>
  <leader>00327cam a2200661 i 4500</leader>
  <controlfield tag="001">b12836898</controlfield>
  <controlfield tag="003">LeBAU</controlfield>
  <controlfield tag="005">20171206</controlfield>
  <controlfield tag="008">981113s1908    ne abfh       ||1 0 eng d</controlfield>
  <datafield tag="035" ind1=" " ind2=" ">
    <subfield code="a">ocm36080882 </subfield>
  </datafield>
  <datafield tag="040" ind1=" " ind2=" ">
    <subfield code="a">LEAUB</subfield>
    <subfield code="b">eng</subfield>
    <subfield code="e">rda</subfield>
    <subfield code="c">LEAUB</subfield>
    <subfield code="d">LEAUB</subfield>
  </datafield>
  <datafield tag="041" ind1="0" ind2=" ">
    <subfield code="a">eng</subfield>
    <subfield code="a">ara</subfield>
  </datafield>
  <datafield tag="082" ind1="0" ind2="4">
    <subfield code="a">962.011</subfield>
    <subfield code="2">23</subfield>
  </datafield>
  <datafield tag="100" ind1="1" ind2=" ">
    <subfield code="a">Kindī, Muḥammad ibn Yūsuf,</subfield>
    <subfield code="d">897-961,</subfield>
    <subfield code="e">author.</subfield>
  </datafield>
  <datafield tag="245" ind1="1" ind2="0">
    <subfield code="6">880-01</subfield>
    <subfield code="a">The governors and judges of Egypt, or, Kitâb el ‘umarâ’ (el wulâh) ;</subfield>
    <subfield code="b">wa, Kitâb el quḍâh of el Kindî : together with an appendix derived mostly from Raf‘ al-Iṣr by ibn Ḥajar /</subfield>
    <subfield code="c">edited by Rhuvon Guest = Kitāb al-wulāh ; wa, kitāb al-quḍāh / ta’līf Abī ‘Umar Muḥammad ibn Yūsuf al-Kindī al-Miṣrī ; muhadhdhaban wa-muṣaḥḥaḥan bi-qalam Rufin Kast.</subfield>
  </datafield>
  <datafield tag="246" ind1="3" ind2="1">
    <subfield code="6">880-02</subfield>
    <subfield code="a">Kitāb al-wulāh wa-kitāb al-quḍāh</subfield>
  </datafield>
  <datafield tag="246" ind1="3" ind2="0">
    <subfield code="6">880-03</subfield>
    <subfield code="a">Wulāh wa-al-Quḍāh</subfield>
  </datafield>
  <datafield tag="246" ind1="3" ind2="0">
    <subfield code="6">880-04</subfield>
    <subfield code="a">Kitāb al-Quḍāh</subfield>
  </datafield>
  <datafield tag="246" ind1="3" ind2="0">
    <subfield code="a">Kitâb el ‘umarâ’ (el wulâh) wa Kitâb el quḍâh of el Kindî</subfield>
  </datafield>
  <datafield tag="246" ind1="3" ind2="0">
    <subfield code="a">Kitâb el quḍâh of el Kindî</subfield>
  </datafield>
  <datafield tag="264" ind1=" " ind2="3">
    <subfield code="a">Leyden :</subfield>
    <subfield code="b">E. J. Brill, Imprimerie Orientale,</subfield>
    <subfield code="c">1912.</subfield>
  </datafield>
  <datafield tag="300" ind1=" " ind2=" ">
    <subfield code="a">72, 686 pages, 8 unnumbered leaves of plates :</subfield>
    <subfield code="b">illustrations, folded color maps, facsimiles ;</subfield>
    <subfield code="c">25 cm.</subfield>
  </datafield>
  <datafield tag="336" ind1=" " ind2=" ">
    <subfield code="a">text</subfield>
    <subfield code="b">txt</subfield>
    <subfield code="2">rdacontent</subfield>
  </datafield>
  <datafield tag="336" ind1=" " ind2=" ">
    <subfield code="a">still image</subfield>
    <subfield code="b">sti</subfield>
    <subfield code="2">rdacontent</subfield>
  </datafield>
  <datafield tag="337" ind1=" " ind2=" ">
    <subfield code="a">unmediated</subfield>
    <subfield code="b">n</subfield>
    <subfield code="2">rdamedia</subfield>
  </datafield>
  <datafield tag="338" ind1=" " ind2=" ">
    <subfield code="a">volume</subfield>
    <subfield code="b">nc</subfield>
    <subfield code="2">rdacarrier</subfield>
  </datafield>
  <datafield tag="490" ind1="1" ind2=" ">
    <subfield code="a">"E.J.W. Gibb memorial" series ;</subfield>
    <subfield code="v">vol. xix</subfield>
  </datafield>
  <datafield tag="500" ind1=" " ind2=" ">
    <subfield code="a">"طبع بمطبعة الآباء اليسوعيين، بيروت، سنة 1908"--Added title page.</subfield>
  </datafield>
  <datafield tag="500" ind1=" " ind2=" ">
    <subfield code="a">Includes indexes.</subfield>
  </datafield>
  <datafield tag="541" ind1=" " ind2=" ">
    <subfield code="c">Donation;</subfield>
    <subfield code="a">Yusuf Kozma Khoury;</subfield>
    <subfield code="3">Copy 2.</subfield>
  </datafield>
  <datafield tag="546" ind1=" " ind2=" ">
    <subfield code="a">Text of original book in Arabic; with introduction, glossary, additions and corrections in English.</subfield>
  </datafield>
  <datafield tag="600" ind1="1" ind2="0">
    <subfield code="a">Kindī, Muḥammad ibn Yūsuf,</subfield>
    <subfield code="d">897-961.</subfield>
    <subfield code="t">Wulāt wa-al-quḍāt.</subfield>
  </datafield>
  <datafield tag="600" ind1="1" ind2="4">
    <subfield code="a">الكندي، محمد بن يوسف،</subfield>
    <subfield code="d">897-961.</subfield>
    <subfield code="t">الولاة والقضاة.</subfield>
  </datafield>
  <datafield tag="650" ind1=" " ind2="0">
    <subfield code="a">Judges</subfield>
    <subfield code="z">Egypt</subfield>
    <subfield code="v">Biography</subfield>
    <subfield code="v">Early works to 1800.</subfield>
  </datafield>
  <datafield tag="650" ind1=" " ind2="0">
    <subfield code="a">Ulama</subfield>
    <subfield code="z">Egypt</subfield>
    <subfield code="v">Biography</subfield>
    <subfield code="v">Early works to 1800.</subfield>
  </datafield>
  <datafield tag="650" ind1=" " ind2="0">
    <subfield code="a">Muslim scholars</subfield>
    <subfield code="z">Egypt</subfield>
    <subfield code="v">Biography</subfield>
    <subfield code="v">Early works to 1800.</subfield>
  </datafield>
  <datafield tag="650" ind1=" " ind2="4">
    <subfield code="a">القضاة</subfield>
    <subfield code="z">مصر</subfield>
    <subfield code="v">تراجم</subfield>
    <subfield code="v">اعمال قديمة حتى 1800.</subfield>
  </datafield>
  <datafield tag="650" ind1=" " ind2="4">
    <subfield code="a">العلماء (الاسلام)</subfield>
    <subfield code="z">مصر</subfield>
    <subfield code="v">تراجم</subfield>
    <subfield code="v">اعمال قديمة حتى 1800.</subfield>
  </datafield>
  <datafield tag="650" ind1=" " ind2="4">
    <subfield code="a">الفقهاء</subfield>
    <subfield code="z">مصر</subfield>
    <subfield code="v">تراجم</subfield>
    <subfield code="v">اعمال قديمة حتى 1800.</subfield>
  </datafield>
  <datafield tag="651" ind1=" " ind2="0">
    <subfield code="a">Egypt</subfield>
    <subfield code="x">History</subfield>
    <subfield code="y">640-1250.</subfield>
  </datafield>
  <datafield tag="651" ind1=" " ind2="0">
    <subfield code="a">Egypt</subfield>
    <subfield code="x">Kings and rulers</subfield>
    <subfield code="v">Early works to 1800.</subfield>
  </datafield>
  <datafield tag="651" ind1=" " ind2="4">
    <subfield code="a">مصر</subfield>
    <subfield code="x">تاريخ</subfield>
    <subfield code="y">640-1250.</subfield>
  </datafield>
  <datafield tag="651" ind1=" " ind2="4">
    <subfield code="a">مصر</subfield>
    <subfield code="x">الملوك والحكام</subfield>
    <subfield code="v">اعمال قديمة حتى 1800.</subfield>
  </datafield>
  <datafield tag="700" ind1="1" ind2=" ">
    <subfield code="a">Guest, Rhuvon,</subfield>
    <subfield code="e">editor.</subfield>
  </datafield>
  <datafield tag="700" ind1="1" ind2="2">
    <subfield code="a">Kindī, Muḥammad ibn Yūsuf,</subfield>
    <subfield code="d">897-961.</subfield>
    <subfield code="t">Quḍāt Miṣr.</subfield>
    <subfield code="l">Arabic.</subfield>
  </datafield>
  <datafield tag="700" ind1="1" ind2="2">
    <subfield code="a">Ibn Ḥajar al-ʻAsqalānī, Aḥmad ibn ʻAlī,</subfield>
    <subfield code="d">1372-1449.</subfield>
    <subfield code="t">Raf‘ al-Iṣr ‘an Quḍāt Miṣr.</subfield>
    <subfield code="l">Arabic.</subfield>
  </datafield>
  <datafield tag="775" ind1="0" ind2=" ">
    <subfield code="i">is reprinted as (manifestation)</subfield>
    <subfield code="4">http://rdaregistry.info/Elements/m/P30038:</subfield>
    <subfield code="t">Kitāb al-wulāh wa-kitāb al-quḍāh</subfield>
    <subfield code="d">[Place of publication not identified] : Book Renaissance, [2014?]</subfield>
    <subfield code="w">b17925861</subfield>
  </datafield>
  <datafield tag="830" ind1=" " ind2="0">
    <subfield code="a">"E.J.W. Gibb memorial" series ;</subfield>
    <subfield code="v">19.</subfield>
  </datafield>
  <datafield tag="852" ind1=" " ind2=" ">
    <subfield code="a">Jafet Archives and Special Collections</subfield>
    <subfield code="e">American University of Beirut, Bliss Street , Beirut, Lebanon.</subfield>
  </datafield>
  <datafield tag="880" ind1="1" ind2="4">
    <subfield code="6">245-01/(3/r</subfield>
    <subfield code="a">The governors and judges of Egypt, or, Kitâb el ‘umarâ’ (el wulâh) ;</subfield>
    <subfield code="b">wa, Kitâb el quḍâh of el Kindî : together with an appendix derived mostly from Raf‘ al-Iṣr by ibn Ḥajar /</subfield>
    <subfield code="c">edited by Rhuvon Guest = كتاب الولاة وكتاب القضاة / تأليف أبي عمر محمد بن يوسف الكندي المصري ؛ مهذباً ومصححاً بقلم رفن كست.</subfield>
  </datafield>
  <datafield tag="880" ind1="3" ind2="1">
    <subfield code="6">246-02/(3/r</subfield>
    <subfield code="a">كتاب الولاة وكتاب القضاة</subfield>
  </datafield>
  <datafield tag="880" ind1="3" ind2="0">
    <subfield code="6">246-03/(3/r</subfield>
    <subfield code="a">الولاة والقضاة</subfield>
  </datafield>
  <datafield tag="880" ind1="3" ind2="0">
    <subfield code="6">246-04/(3/r</subfield>
    <subfield code="a">كتاب القضاة</subfield>
  </datafield>
  <datafield tag="907" ind1=" " ind2=" ">
    <subfield code="a">.b12836898</subfield>
    <subfield code="b">17-12-15</subfield>
    <subfield code="c">11-05-24</subfield>
  </datafield>
  <datafield tag="907" ind1=" " ind2=" ">
    <subfield code="a">.b12836898</subfield>
    <subfield code="b">15-10-15</subfield>
    <subfield code="c">11-05-24</subfield>
  </datafield>
  <datafield tag="945" ind1=" " ind2=" ">
    <subfield code="f">CA</subfield>
    <subfield code="a">962.011:K517w:1912:c.1</subfield>
    <subfield code="i">00290277</subfield>
    <subfield code="j">.i13436843</subfield>
    <subfield code="l">u0304</subfield>
  </datafield>
  <datafield tag="945" ind1=" " ind2=" ">
    <subfield code="f">CAِ</subfield>
    <subfield code="a">962.011:K517wA:1912:c.2</subfield>
    <subfield code="i">00498712</subfield>
    <subfield code="j">.i19806139</subfield>
    <subfield code="l">u0304</subfield>
  </datafield>
  <datafield tag="998" ind1=" " ind2=" ">
    <subfield code="a">u03</subfield>
    <subfield code="b">98-11-13</subfield>
    <subfield code="c">m</subfield>
    <subfield code="d">a</subfield>
    <subfield code="e">-</subfield>
    <subfield code="f">eng</subfield>
    <subfield code="g">ne </subfield>
    <subfield code="h">0</subfield>
    <subfield code="i">1</subfield>
  </datafield>
</record>
</collection>
